@article{reliance,
    author = "Nick Tate",
    title = "Reliance spells end of road for ICT amateurs",
    journal = "The Australian",
    year = 2013,
    month = 05,
    url = "https://www.theaustralian.com.au/business/technology/opinion/reliance-spells-end-of-road-for-ict-amateurs/news-story/6f84ad403b8721100f5957a472a945eb",
}

@article{global-cyber,
    author = "Tim Stevens",
    title = "Global cybersecurity: New directions in theory and methods",
    journal = "Politics and Governance",
    volume = 6,
    number = 2,
    pages = "1-4",
    year = 2018,
    month = 06,
    doi = "10.17645/pag.v6i2.1569",
    url = "https://kclpure.kcl.ac.uk/portal/files/97261726/PaG_6_2_Global_Cybersecurity_New_Directions_in_Theory_and_Methods.pdf",
}

@online{ocd,
    title = "Orange Cyberdéfense",
    url = "https://orangecyberdefense.com/",
}

@article{rachat-atheos,
    title = "Cyberdéfense: Orange Business Services acquiert Atheos",
    author = "Jacques Cheminat",
    journal = "LeMondeInformatique.fr",
    year = 2014,
    month = 01,
    url = "https://www.lemondeinformatique.fr/actualites/lire-cyberdefense-orange-business-services-acquiert-atheos-56167.html",
}

@article{rachat-securelink,
    title = "Avec SecureLink, Orange conforte son rang dans la cybersécurité",
    journal = "Silicon",
    year = 2019,
    month = 05,
    url = "https://www.silicon.fr/avec-securelink-orange-conforte-son-rang-dans-la-cybersecurite-240681.html",
}

@techreport{finances-ocd,
    title = "ORANGE CYBERDEFENSE (512664194) : Chiffre d'affaires, dirigeants, statuts, Kbis, SIRET",
    institution = "Pappers",
    url = "https://www.pappers.fr/entreprise/orange-cyberdefense-512664194",
}
